@ARTICLE{Alonso:2001,
	author = {Alonso, R., Rodríguez-Gómez, A., and Estrada, A. R.},
	title = {Patrones de actividad acústica y trófica de machos cantores de Eleutherodactylus eileenae (Anura: Leptodactylidae).},
	journal = {Revista española de herpetología},
	year = {2001},
	volume = {15},
	pages = {45-52}
}

@ARTICLE{mel,
	author = {Centic Murcia},
	title = {Mel Spectogram},
	journal = {Curso de Ciencia de Datos},
	year = {n.d.},
	url = {https://centicmurcia.github.io/curso-ciencia-datos/3.6-audio/1\%20-\%20Mel\%20Spectogram/}
}

@BOOK{Jurafsky:2008,
	title = {{S}peech and {L}anguage {P}rocessing},
	publisher = {Pearson},
	author = {Jurafsky, D. and Martin, J. H.},
	year = {2008},
	edition = {2nd},
	pages = {304},
}

@BOOK{Bourke:1996,
	title = {{C}ross {C}orrelation. {C}ross {C}orrelation”, {A}uto {C}orrelation—2{D} {P}attern {I}dentification},
	author = {Bourke, P.},
	year = {1996},
	publisher = {Self-published},
}

